<?xml version="1.0" encoding="UTF-8"?><collection xmlns="http://www.loc.gov/MARC21/slim"><record><leader>00401nam--2200169-i-4500</leader><controlfield tag="001">000044679</controlfield><controlfield tag="002">20161230</controlfield><controlfield tag="005">20170102003615</controlfield><controlfield tag="008">060222s1000------------r-----000-0-eng-d</controlfield><datafield ind1=" " ind2=" " tag="080"><subfield code="a">530.1</subfield></datafield><datafield ind1=" " ind2=" " tag="100"><subfield code="a">Tichonov, A. N</subfield></datafield><datafield ind1=" " ind2=" " tag="245"><subfield code="a">Rovnice matematicke fysiky</subfield></datafield><datafield ind1=" " ind2=" " tag="260"><subfield code="a">Praha</subfield><subfield code="b">Acad.Ved</subfield><subfield code="c">1955</subfield></datafield><datafield ind1=" " ind2=" " tag="300"><subfield code="a">765 p</subfield></datafield><datafield ind1=" " ind2=" " tag="700"><subfield code="a">Samarski, Alexandr A</subfield></datafield><datafield ind1=" " ind2=" " tag="852"><subfield code="a">4269</subfield></datafield><datafield ind1=" " ind2=" " tag="CAT"><subfield code="a">SYS</subfield><subfield code="c">20170102</subfield><subfield code="h">003615</subfield></datafield></record></collection>